@misc{aiw,
    title = "แนะนำภาษา TypeScript",
    author = "Nattapon Rakthong",
    year = 2021,
    howpublished = "\url{https://marcuscode.com/lang/typescript/introduction}"
}

@misc{aiw2,
    title = "ทำความรู้จักกับ React และการใช้งานเบื้องต้น",
    author = "Papimpat Nimprasert",
    year = 2024,
    howpublished = "\url{https://www.borntodev.com/2024/05/13/ทำความรู้จักกับ-react/}"
}

@misc{aiw3,
    title = "Next.js คืออะไร? มาเริ่มเขียนเว็บด้วย Next.js กันดีกว่า",
    author = "Chai Phonbopit",
    year = 2020,
    howpublished = "\url{https://www.devahoy.com/blog/2020/03/getting-started-with-nextjs/}"
}

@misc{aiw4,
    title = "ทำความรู้จัก Nest JS และวิธีการใช้!",
    author = "Kritsada L.",
    year = 2020,
    howpublished = "\url{https://kritsadapk.medium.com/ทำความรู้จัก-nest-js-และวิธีการใช้-6a498bef8b01}"
}

@misc{aiw5,
    title = "บันทึกการทดสอบและการใช้งาน Object Storage (MinIO) แบบ Active/Active",
    author = "Gram",
    year = 2023,
    howpublished = "\url{https://gramkittisak.medium.com/บันทึกการทดสอบการใช้งาน-object-storage-minio-แบบ-active-active-4fddb461fc91}"
}

@misc{aiw6,
    title = "PostgreSQL คืออะไร",
    author = "AppMaster",
    year = 2022,
    howpublished = "\url{https://appmaster.io/th/blog/postgresql-khuue-aair}"
}

@misc{aiw7,
    title = "Docker คืออะไร",
    author = "Amazon",
    howpublished = "\url{https://aws.amazon.com/th/docker/}"

}

@misc{aiw8,
    title = "เปรียบเทียบการใช้งาน CSS ธรรมดา กับ Tailwind CSS",
    author = "Kittikorn Voraprateep",
    year = 2023,
    howpublished = "\url{https://www.borntodev.com/2023/11/28/เปรียบเทียบการใช้งาน-css/}"
}

@misc{aiw9,
    title = "รู้จักกับ Prisma ORM",
    author = "mikelopster",
    year = 2024,
    howpublished = "\url{https://mikelopster.dev/posts/next-prisma/}"
}